%YAML 1.1
%TAG !u! tag:unity3d.com,2011:
--- !u!244 &-6034850741652482637
AudioMixerEffectController:
  m_ObjectHideFlags: 3
  m_CorrespondingSourceObject: {fileID: 0}
  m_PrefabInstance: {fileID: 0}
  m_PrefabAsset: {fileID: 0}
  m_Name: 
  m_EffectID: e58d57b6bbdf00c4c8e91fa96381464d
  m_EffectName: Attenuation
  m_MixLevel: de58f677c084e87419287f4883ce27ba
  m_Parameters: []
  m_SendTarget: {fileID: 0}
  m_EnableWetMix: 0
  m_Bypass: 0
--- !u!243 &-5073766516614939121
AudioMixerGroupController:
  m_ObjectHideFlags: 0
  m_CorrespondingSourceObject: {fileID: 0}
  m_PrefabInstance: {fileID: 0}
  m_PrefabAsset: {fileID: 0}
  m_Name: Death
  m_AudioMixer: {fileID: 24100000}
  m_GroupID: 12909a2912fd77c4cace286627d2b35d
  m_Children: []
  m_Volume: cc185a6fb60e63c4fa03cec56a14ab70
  m_Pitch: 9a760c78493334543a082376e18ce9d3
  m_Send: 00000000000000000000000000000000
  m_Effects:
  - {fileID: -6034850741652482637}
  m_UserColorIndex: 0
  m_Mute: 0
  m_Solo: 0
  m_BypassEffects: 0
--- !u!244 &-5070041980314378209
AudioMixerEffectController:
  m_ObjectHideFlags: 3
  m_CorrespondingSourceObject: {fileID: 0}
  m_PrefabInstance: {fileID: 0}
  m_PrefabAsset: {fileID: 0}
  m_Name: 
  m_EffectID: 7ccb51519f18b504da2fd7038dbb4177
  m_EffectName: Attenuation
  m_MixLevel: a0e6a67a86e4fd14ca1d30feddebe817
  m_Parameters: []
  m_SendTarget: {fileID: 0}
  m_EnableWetMix: 0
  m_Bypass: 0
--- !u!244 &-2099288591549055716
AudioMixerEffectController:
  m_ObjectHideFlags: 3
  m_CorrespondingSourceObject: {fileID: 0}
  m_PrefabInstance: {fileID: 0}
  m_PrefabAsset: {fileID: 0}
  m_Name: 
  m_EffectID: 476dcc317f4221641acc800b5d0b1682
  m_EffectName: Attenuation
  m_MixLevel: 2f510f928edab3b478febd545ca9e939
  m_Parameters: []
  m_SendTarget: {fileID: 0}
  m_EnableWetMix: 0
  m_Bypass: 0
--- !u!243 &-699512117985736906
AudioMixerGroupController:
  m_ObjectHideFlags: 0
  m_CorrespondingSourceObject: {fileID: 0}
  m_PrefabInstance: {fileID: 0}
  m_PrefabAsset: {fileID: 0}
  m_Name: Out of Time
  m_AudioMixer: {fileID: 24100000}
  m_GroupID: 95c7df4d05728744785160c0fe97eb44
  m_Children: []
  m_Volume: 806ee937add53734093122d0f66f4d46
  m_Pitch: 0597832337c98d142b1e44812c7880eb
  m_Send: 00000000000000000000000000000000
  m_Effects:
  - {fileID: -2099288591549055716}
  m_UserColorIndex: 0
  m_Mute: 0
  m_Solo: 0
  m_BypassEffects: 0
--- !u!241 &24100000
AudioMixerController:
  m_ObjectHideFlags: 0
  m_CorrespondingSourceObject: {fileID: 0}
  m_PrefabInstance: {fileID: 0}
  m_PrefabAsset: {fileID: 0}
  m_Name: SFX
  m_OutputGroup: {fileID: 0}
  m_MasterGroup: {fileID: 24300002}
  m_Snapshots:
  - {fileID: 3931379820063927453}
  - {fileID: 2154357915786737555}
  - {fileID: 24500006}
  - {fileID: 7711632846346845591}
  m_StartSnapshot: {fileID: 3931379820063927453}
  m_SuspendThreshold: -80
  m_EnableSuspend: 1
  m_UpdateMode: 0
  m_ExposedParameters: []
  m_AudioMixerGroupViews:
  - guids:
    - 143561945e8da174fa4f33da281be074
    - 95c7df4d05728744785160c0fe97eb44
    - 9e9d09eda6ef95840a06b53e9031309b
    - 12909a2912fd77c4cace286627d2b35d
    - 4e9014b998d9f7e4d94354a0c63f46b2
    name: View
  m_CurrentViewIndex: 0
  m_TargetSnapshot: {fileID: 24500006}
--- !u!243 &24300002
AudioMixerGroupController:
  m_ObjectHideFlags: 0
  m_CorrespondingSourceObject: {fileID: 0}
  m_PrefabInstance: {fileID: 0}
  m_PrefabAsset: {fileID: 0}
  m_Name: Master
  m_AudioMixer: {fileID: 24100000}
  m_GroupID: 143561945e8da174fa4f33da281be074
  m_Children:
  - {fileID: -699512117985736906}
  - {fileID: 7959320600669608704}
  - {fileID: -5073766516614939121}
  - {fileID: 1652835425791720229}
  m_Volume: 9ccd0fc66c9b4dd43abff963f0943489
  m_Pitch: 05d2e2c24616829478184efb9c84dcb2
  m_Send: 00000000000000000000000000000000
  m_Effects:
  - {fileID: 24400004}
  m_UserColorIndex: 0
  m_Mute: 0
  m_Solo: 0
  m_BypassEffects: 0
--- !u!244 &24400004
AudioMixerEffectController:
  m_ObjectHideFlags: 3
  m_CorrespondingSourceObject: {fileID: 0}
  m_PrefabInstance: {fileID: 0}
  m_PrefabAsset: {fileID: 0}
  m_Name: 
  m_EffectID: 94623e9ac3fd5c84a84627cf713eeff3
  m_EffectName: Attenuation
  m_MixLevel: 2936cbb691457ff419caaa594d9ca82a
  m_Parameters: []
  m_SendTarget: {fileID: 0}
  m_EnableWetMix: 0
  m_Bypass: 0
--- !u!245 &24500006
AudioMixerSnapshotController:
  m_ObjectHideFlags: 0
  m_CorrespondingSourceObject: {fileID: 0}
  m_PrefabInstance: {fileID: 0}
  m_PrefabAsset: {fileID: 0}
  m_Name: Out of TIme
  m_AudioMixer: {fileID: 24100000}
  m_SnapshotID: 99e55dc0d5c3d7f4ebf3c285e71764b6
  m_FloatValues:
    43b43d44a311fe04da2ca7a13712b998: -80
    9ccd0fc66c9b4dd43abff963f0943489: 0.23288241
    806ee937add53734093122d0f66f4d46: -0.037667945
    90b15c47244586843a1567a57a735b63: -80
    cc185a6fb60e63c4fa03cec56a14ab70: -80
  m_TransitionOverrides: {}
--- !u!244 &343962622725484709
AudioMixerEffectController:
  m_ObjectHideFlags: 3
  m_CorrespondingSourceObject: {fileID: 0}
  m_PrefabInstance: {fileID: 0}
  m_PrefabAsset: {fileID: 0}
  m_Name: 
  m_EffectID: 1d60b03ba26f9ba42a5a716d3ff1f281
  m_EffectName: Attenuation
  m_MixLevel: d3b75ad0bbc77d44eaad9221431daff7
  m_Parameters: []
  m_SendTarget: {fileID: 0}
  m_EnableWetMix: 0
  m_Bypass: 0
--- !u!243 &1652835425791720229
AudioMixerGroupController:
  m_ObjectHideFlags: 0
  m_CorrespondingSourceObject: {fileID: 0}
  m_PrefabInstance: {fileID: 0}
  m_PrefabAsset: {fileID: 0}
  m_Name: Paused
  m_AudioMixer: {fileID: 24100000}
  m_GroupID: 4e9014b998d9f7e4d94354a0c63f46b2
  m_Children: []
  m_Volume: 43b43d44a311fe04da2ca7a13712b998
  m_Pitch: 9e16fba0441b82a41841e5584ed21006
  m_Send: 00000000000000000000000000000000
  m_Effects:
  - {fileID: 343962622725484709}
  m_UserColorIndex: 0
  m_Mute: 0
  m_Solo: 0
  m_BypassEffects: 0
--- !u!245 &2154357915786737555
AudioMixerSnapshotController:
  m_ObjectHideFlags: 0
  m_CorrespondingSourceObject: {fileID: 0}
  m_PrefabInstance: {fileID: 0}
  m_PrefabAsset: {fileID: 0}
  m_Name: Death
  m_AudioMixer: {fileID: 24100000}
  m_SnapshotID: 0b28e86f821b36a418933ca86e34fe95
  m_FloatValues:
    43b43d44a311fe04da2ca7a13712b998: -80
    9ccd0fc66c9b4dd43abff963f0943489: -0.002441872
    806ee937add53734093122d0f66f4d46: -80
    90b15c47244586843a1567a57a735b63: -80
    cc185a6fb60e63c4fa03cec56a14ab70: -7.436929
  m_TransitionOverrides: {}
--- !u!245 &3931379820063927453
AudioMixerSnapshotController:
  m_ObjectHideFlags: 0
  m_CorrespondingSourceObject: {fileID: 0}
  m_PrefabInstance: {fileID: 0}
  m_PrefabAsset: {fileID: 0}
  m_Name: Alive
  m_AudioMixer: {fileID: 24100000}
  m_SnapshotID: 48d0588b410a23549b770834584affbf
  m_FloatValues:
    43b43d44a311fe04da2ca7a13712b998: -80
    9ccd0fc66c9b4dd43abff963f0943489: 0.23288241
    806ee937add53734093122d0f66f4d46: -80
    90b15c47244586843a1567a57a735b63: -11.944499
    cc185a6fb60e63c4fa03cec56a14ab70: -80
  m_TransitionOverrides: {}
--- !u!245 &7711632846346845591
AudioMixerSnapshotController:
  m_ObjectHideFlags: 0
  m_CorrespondingSourceObject: {fileID: 0}
  m_PrefabInstance: {fileID: 0}
  m_PrefabAsset: {fileID: 0}
  m_Name: Paused
  m_AudioMixer: {fileID: 24100000}
  m_SnapshotID: 5250e4c255c6afb4bb0a4d2a941d0ab3
  m_FloatValues:
    9ccd0fc66c9b4dd43abff963f0943489: -0.037667945
    806ee937add53734093122d0f66f4d46: -80
    90b15c47244586843a1567a57a735b63: -80
    cc185a6fb60e63c4fa03cec56a14ab70: -80
  m_TransitionOverrides: {}
--- !u!243 &7959320600669608704
AudioMixerGroupController:
  m_ObjectHideFlags: 0
  m_CorrespondingSourceObject: {fileID: 0}
  m_PrefabInstance: {fileID: 0}
  m_PrefabAsset: {fileID: 0}
  m_Name: Background Music
  m_AudioMixer: {fileID: 24100000}
  m_GroupID: 9e9d09eda6ef95840a06b53e9031309b
  m_Children: []
  m_Volume: 90b15c47244586843a1567a57a735b63
  m_Pitch: 5065f82a3c0291e48ae9ba339333762a
  m_Send: 00000000000000000000000000000000
  m_Effects:
  - {fileID: -5070041980314378209}
  m_UserColorIndex: 0
  m_Mute: 0
  m_Solo: 0
  m_BypassEffects: 0
